@article{陈旻瑜0地铁运营成本特性分析,
  title={地铁运营成本特性分析},
  author={陈旻瑜},
  journal={现代城市轨道交通},
  number={4},
  pages={91-93},
}

@inproceedings{2011公交发车间隔模型研究,
  title={公交发车间隔模型研究},
  author={ Fazhi, L. I.  and 李发智 and  Lei, Xiao  and 肖蕾 and  Dongyuan, Yang  and 杨东援},
  booktitle={2011年全国博士生学术论坛——交通运输工程},
  year={2011},
}

@article{朱顺应0考虑运营收益与车厢空间感知的轨道列车发车间隔优化,
  title={考虑运营收益与车厢空间感知的轨道列车发车间隔优化},
  author={朱顺应 and 刘滨 and 刘斌 and 杨友珍 and 王红},
}

@article{刘兰芬2015地铁客流分析及列车发车间隔优化研究,
  title={地铁客流分析及列车发车间隔优化研究},
  author={刘兰芬 and 杨信丰},
  journal={武汉理工大学学报(交通科学与工程版)},
  volume={39},
  number={006},
  pages={1119-1124},
  year={2015},
}

@article{宋瑞2015城市轨道交通线路运营计划优化方法,
  title={城市轨道交通线路运营计划优化方法},
  author={宋瑞 and 邹彦雯 and 李婷婷},
  journal={北京交通大学学报:自然科学版},
  year={2015},
}

@article{杨晓光2006错峰出行对城市交通的影响分析,
  title={错峰出行对城市交通的影响分析},
  author={杨晓光 and 褚浩然},
  journal={同济大学学报(自然科学版)},
  volume={34},
  number={007},
  pages={899-903},
  year={2006},
}

@article{林震2003城市轨道交通发车间距优化模型探讨,
  title={城市轨道交通发车间距优化模型探讨},
  author={林震 and 杨浩},
  journal={土木工程学报},
  volume={36},
  number={001},
  pages={1-5},
  year={2003},
}

@article{刘岩2015城市轨道交通断面客流短时预测,
  title={城市轨道交通断面客流短时预测},
  author={刘岩 and 张宁 and 邵星杰},
  journal={都市快轨交通},
  volume={28},
  number={001},
  pages={77-81},
  year={2015},
}


